<?xml version="1.0" encoding="UTF-8"?><record xmlns="http://www.loc.gov/MARC21/slim" xmlns:cinclude="http://apache.org/cocoon/include/1.0" xmlns:zs="http://www.loc.gov/zing/srw/">
  <leader>00513cz  a2200133n  4500</leader>
  <controlfield tag="001">n  82069377 </controlfield>
  <controlfield tag="003">DLC</controlfield>
  <controlfield tag="005">20090108080321.0</controlfield>
  <controlfield tag="008">820519n| acannaabn          |n ana      </controlfield>
  <datafield tag="010" ind1=" " ind2=" ">
    <subfield code="a">n  82069377 </subfield>
  </datafield>
  <datafield tag="035" ind1=" " ind2=" ">
    <subfield code="a">(OCoLC)oca00766183</subfield>
  </datafield>
  <datafield tag="040" ind1=" " ind2=" ">
    <subfield code="a">DLC</subfield>
    <subfield code="b">eng</subfield>
    <subfield code="c">DLC</subfield>
    <subfield code="d">OCoLC</subfield>
  </datafield>
  <datafield tag="110" ind1="2" ind2=" ">
    <subfield code="a">Universidad de Carabobo.</subfield>
    <subfield code="b">Facultad de Ciencias de la Educacio휍혖n</subfield>
  </datafield>
  <datafield tag="670" ind1=" " ind2=" ">
    <subfield code="a">Revista de la Fac. de Cienc. de la Educ. de la Univ. de Carabobo, enero-jun. 1980 (a.e.)</subfield>
    <subfield code="b">t.p. (Facultad de Ciencias de la Educacio휍혖n de la Universidad de Carabobo)</subfield>
  </datafield>
</record>